<?xml version="1.0" encoding="UTF-8"?><collection xmlns="http://www.loc.gov/MARC21/slim"><record><leader>00518nam--2200133-i-4500</leader><controlfield tag="001">000043919</controlfield><controlfield tag="002">20161230</controlfield><controlfield tag="005">20161230201044</controlfield><controlfield tag="008">060222s1000------------r-----000-0-eng-d</controlfield><datafield ind1=" " ind2=" " tag="080"><subfield code="a">621.375.826:778.38(043)</subfield></datafield><datafield ind1=" " ind2=" " tag="100"><subfield code="a">Suciu, Petru I</subfield></datafield><datafield ind1=" " ind2=" " tag="245"><subfield code="a">Cercetari in lumina coerenta. contributii la studiul interactiunii radiatiei laser cu materialele fotocrome, la utilizarea acestora in holografie si la caracterizarea acestor materiale prin metode holografice. teza</subfield></datafield><datafield ind1=" " ind2=" " tag="260"><subfield code="a">Bucuresti, Iftar, 1980, 112p</subfield></datafield><datafield ind1=" " ind2=" " tag="852"><subfield code="a">48337</subfield></datafield></record></collection>